@article{einsteidsan,
    author = "Albert Einstein",
    title = "{Zur Elektrodynamik bewegter K{\"o}rper}. ({German})
    [{On} the electrodynamics of moving bodies]",
    journal = "Annalen der Physik",
    volume = "322",
    number = "10",
    pages = "891--921",
    year = "1905",
    DOI = "http://dx.doi.org/10.1002/andp.19053221004",
    keywords = "physics"
}
 
@book{dirac,
    title = {The Principles of Quantum Mechanics},
    author = {Paul Adrien Maurice Dirac},
    isbn = {9780198520115},
    series = {International series of monographs on physics},
    year = {1981},
    publisher = {Clarendon Press},
    keywords = {physics}
}


@online{fsgrules,
    author = "Formula Student Germany",
    title = "FSG rules 2020",
    url  = "https://www.formulastudent.de/fileadmin/user_upload/all/2020/rules/FS-Rules_2020_V1.0.pdf",
    addendum = "(accessed: 05.12.2019)"
}
 
@online{novaspeed,
    title = "Revolve NTNU 2019 Nova information page",
    url  = "https://www.revolve.no/electric-vehicle/",
    addendum = "(accessed: 04.12.2019)",
    keywords = "revolve,nova"
}

@online{radionor,
    author = "Radionor Communications AS",
    title = "CRE-144-LW product information page",
    url  = "https://radionor.no/product/cre2-144-lw/",
    addendum = "(accessed: 05.12.2019)"
}

@online{zynq,
    author = "Xilinx Inc.",
    title = "Zynq-7000 product brief",
    url = "https://www.xilinx.com/support/documentation/product-briefs/zynq-7000-product-brief.pdf",
    addendum = "(accessed: 04.12.2019"
}

@inbook{knuth-fa,
    author = "Donald E. Knuth",
    title = "Fundamental Algorithms",
    publisher = "Addison-Wesley",
    year = "1973",
    chapter = "1.2",
    keywords  = "knuth,programming"
}

@online{clg225,
    title = "Xilinx CLG225 BGA package image",
    url = "https://media.digikey.com/Photos/Xilinx%20Photos/122;225CSBGA-1.5-13x13;CLG;225.JPG",
    addendum = "(accessed: 09.12.2019)"
}

@online{rpi,
    author = "Raspberry Pi fundation",
    title = "Raspberry Pi 3 B+ product overview",
    url = "https://www.raspberrypi.org/products/raspberry-pi-3-model-b-plus/",
    addendum = "(accessed: 11.12.2019)"
}

@online{zx5,
    author = "Enclustra",
    title = "Mercury ZX5 product overview",
    url = "https://www.enclustra.com/en/products/system-on-chip-modules/mercury-zx5/",
    addendum = "(accessed: 11.12.2019)"
}

@online{pcanview,
    author = "PEAK-System Technik GmbH",
    title = "PCAN-View software overview",
    url = "https://www.peak-system.com/PCAN-View.242.0.html?&L=1",
    addendum = "(accessed: 17.12.2019)"
}

@online{pcan,
    author = "PEAK-System Technik GmbH",
    title = "PCAN-USB FD product overview",
    url = "https://www.peak-system.com/PCAN-USB-FD.365.0.html?&L=1",
    addendum = "(accessed: 18.12.2019)"
}

@online{uavcan,
    author = "UAVCAN development team",
    title = "UAVCAN website",
    url = "https://uavcan.org/",
    addendum = "(accessed: 17.12.2019)"
}

@online{zx5_img,
    author = "Enclustra",
    title = "Enclustra Mercury ZX5 product image",
    url = "https://www.enclustra.com/assets/images/products/soc_modules/mercury_zx5/mercury_zx5_perspective_web_new_1000.jpg",
    addendum = "(accessed: 18.12.2019)"
}

@online{pcbway,
    author = "PCBWay",
    title = "Prototype PCB online instant quote",
    url = "https://www.pcbway.com/orderonline.aspx",
    addendum = "(accessed: 9.12.2019)"
}

@online{ttk4147,
    author = "Geir Mathisen",
    title = "TTK4147 Real-time Systems, lecture 4, slide 22",
    url = "https://ntnu.blackboard.com/bbcswebdav/pid-781248-dt-content-rid-22415951_1/courses/194_TTK4147_1_2019_H_1/04%20-scheduling.pdf",
    addendum = "(accessed: 19.12.2019)"
}

@article{canfd,
    author = "De Andrade et al.",
    title = "Analytical and Experimental Performance Evaluations of CAN-FD Bus",
    year = "2018",
    url = "https://ieeexplore.ieee.org/ielx7/6287639/8274985/08338047.pdf"
}

@online{zx5_ex,
    author = "Enclustra",
    title = "Mercury ZX5 Reference Design for Mercury PE1 V4",
    url = "https://download.enclustra.com/public_files/SoC_Modules/Mercury_ZX5/Mercury_ZX5_Reference_Design_for_Mercury_PE1_V4.zip",
    addendum = "(accessed: 19.12.2019)"
}